% This file was created with JabRef 2.11.
% Encoding: Cp1252


@Book{brown2007introduction,
  Title                    = {An introduction to testing web applications with twill and selenium},
  Author                   = {Brown, C Titus and Gheorghiu, Gheorghe and Huggins, Jason},
  Publisher                = {" O'Reilly Media, Inc."},
  Year                     = {2007}
}

@Book{chacon2014pro,
  Title                    = {Pro Git},
  Author                   = {Chacon, S. and Straub, B.},
  Publisher                = {Apress},
  Year                     = {2014},
  Series                   = {The expert's voice},
  ISBN                     = {9781484200766},
  Url                      = {https://books.google.de/books?id=jVYnCgAAQBAJ}
}

@Book{Chaudhri2003,
  Title                    = {XML Data Management: Native XML and XML-enabled Database Systems},
  Author                   = {Chaudhri, A.B. and Rashid, A. and Zicari, R.},
  Publisher                = {Addison-Wesley},
  Year                     = {2003},
  __markedentry            = {[Hao:]},
  ISBN                     = {9780201844528},
  Lccn                     = {2002038298},
  Url                      = {https://books.google.de/books?id=7LNhdOeQulQC}
}

@Booklet{daa,
  Title                    = {Distributed Application Architecture},
  Author                   = {Sun Microsystem},
  Month                    = {06},
  Year                     = {2009}
}

@TechReport{day2000model,
  Title                    = {A model for presence and instant messaging},
  Author                   = {Day, Mark and Rosenberg, Jonathan and Sugano, Hiroyasu},
  Year                     = {2000}
}

@Electronic{destatis,
  Title                    = {Zahl der Erstsemester im Studienjahr 2013},
  Author                   = {Statistisches Bundesamt Germany},
  Month                    = {11},
  Url                      = {https://www.destatis.de/},
  Year                     = {2013}
}

@Manual{documoodle,
  Title                    = {Documentation of moodle}
}

@Electronic{fluentlenium,
  Title                    = {Fluentlenium Github Documentation},
  Url                      = {https://github.com/FluentLenium/FluentLenium}
}

@Article{garousi2013systematic,
  Title                    = {A systematic mapping study of web application testing},
  Author                   = {Garousi, Vahid and Mesbah, Ali and Betin-Can, Aysu and Mirshokraie, Shabnam},
  Journal                  = {Information and Software Technology},
  Year                     = {2013},
  Number                   = {8},
  Pages                    = {1374--1396},
  Volume                   = {55},
  Publisher                = {Elsevier}
}

@Electronic{GitOfficial,
  Title                    = {Git},
  Url                      = {https://git-scm.com/}
}

@Electronic{gitolitedocu,
  Title                    = {Gitolite all-in-one documentation},
  Url                      = {http://gitolite.com/gitolite/gitolite.html}
}

@Electronic{gitscm,
  Title                    = {Git on the Server},
  Url                      = {https://git-scm.com/book/en/v2/Git-on-the-Server-Getting-Git-on-a-Server}
}

@Electronic{GNUDiff,
  Title                    = {Unified-Format},
  Organization             = {GNU.org},
  Url                      = {http://www.gnu.org/software/diffutils/manual/html_node/Unified-Format.html}
}

@Standard{h2database,
  Title                    = {H2 Documentation},
  Url                      = {http://www.h2database.com/html/features.html#embedded_databases}
}

@Book{Hohpe2012,
  Title                    = {Enterprise Integration Patterns: Designing, Building, and Deploying Messaging Solutions},
  Author                   = {Hohpe, G. and Woolf, B.},
  Publisher                = {Pearson Education},
  Year                     = {2012},
  Series                   = {Addison-Wesley Signature Series (Fowler)},
  ISBN                     = {9780133065107},
  Url                      = {https://books.google.de/books?id=qqB7nrrna\_sC}
}

@Electronic{jacoco,
  Title                    = {Jacoco for Sbt},
  Url                      = {https://github.com/sbt/jacoco4sbt}
}

@Electronic{JavaNio,
  Title                    = {Watching a Directory for Changes},
  Organization             = {Oracle},
  Url                      = {https://docs.oracle.com/javase/tutorial/essential/io/notification.html}
}

@Electronic{jgitguide,
  Title                    = {JGit User Guide},
  Url                      = {http://wiki.eclipse.org/JGit/User_Guide}
}

@Book{K2009,
  Title                    = {Spring And Hibernate},
  Author                   = {K, S.K.},
  Publisher                = {McGraw-Hill Education (India) Pvt Limited},
  Year                     = {2009},
  __markedentry            = {[Hao:6]},
  ISBN                     = {9780070077652},
  Url                      = {https://books.google.de/books?id=NfNbbhBRcOkC}
}

@Article{loeliger2006collaborating,
  Title                    = {Collaborating with GIT},
  Author                   = {Loeliger, Jon},
  Journal                  = {Linux Magazine, June},
  Year                     = {2006}
}

@Standard{moodlebackup,
  Title                    = {Moodle documentation:Course Backup},
  Url                      = {https://docs.moodle.org/30/en/Course_backup}
}

@Article{mozilla,
  Title                    = {Glossary:WebSockets},
  Author                   = {Mozilla},
  Year                     = {2015}
}

@Manual{objectdbjpa,
  Title                    = {ObjectDB JPA Reference},
  Url                      = {http://www.objectdb.com/api/java/jpa/}
}

@Book{OSullivan2009,
  Title                    = {Mercurial: The Definitive Guide: The Definitive Guide},
  Author                   = {O'Sullivan, B.},
  Publisher                = {O'Reilly Media},
  Year                     = {2009},
  Series                   = {Animal Guide},
  ISBN                     = {9780596555474},
  Url                      = {https://books.google.de/books?id=upW0sR6BC\_wC}
}

@Electronic{playframeworkdocu,
  Title                    = {Playframework Documentation Version 2.3.x},
  Url                      = {https://playframework.com/documentation/2.3.x/}
}

@Article{romero2008data,
  Title                    = {Data mining in course management systems: Moodle case study and tutorial},
  Author                   = {Romero, Crist{\'o}bal and Ventura, Sebasti{\'a}n and Garc{\'\i}a, Enrique},
  Journal                  = {Computers \& Education},
  Year                     = {2008},
  Number                   = {1},
  Pages                    = {368--384},
  Volume                   = {51},
  Publisher                = {Elsevier}
}

@Article{rossling2008enhancing,
  Title                    = {Enhancing learning management systems to better support computer science education},
  Author                   = {R{\"o}{\ss}ling, Guido and Joy, Mike and Moreno, Andr{\'e}s and Radenski, Atanas and Malmi, Lauri and Kerren, Andreas and Naps, Thomas and Ross, Rockford J and Clancy, Michael and Korhonen, Ari and others},
  Journal                  = {ACM SIGCSE Bulletin},
  Year                     = {2008},
  Number                   = {4},
  Pages                    = {142--166},
  Volume                   = {40},
  Publisher                = {ACM}
}

@InCollection{van2010research,
  Title                    = {Research issues in the automated testing of ajax applications},
  Author                   = {Van Deursen, Arie and Mesbah, Ali},
  Booktitle                = {SOFSEM 2010: Theory and Practice of Computer Science},
  Publisher                = {Springer},
  Year                     = {2010},
  Pages                    = {16--28}
}

@Book{wang2013definitive,
  Title                    = {The Definitive Guide to HTML5 WebSocket},
  Author                   = {Wang, V. and Salim, F. and Moskovits, P.},
  Publisher                = {Apress},
  Year                     = {2013},
  Series                   = {Books for professionals by professionals},
  ISBN                     = {9781430247418},
  Url                      = {https://books.google.de/books?id=YIgdrqKZzYMC}
}

@Article{weaver2008academic,
  Title                    = {Academic and student use of a learning management system: Implications for quality},
  Author                   = {Weaver, Debbi and Spratt, Christine and Nair, Chenicheri Sid},
  Journal                  = {Australasian Journal of Educational Technology},
  Year                     = {2008},
  Number                   = {1},
  Pages                    = {30--41},
  Volume                   = {24}
}

