% This file was created with JabRef 2.11.
% Encoding: GBK


